%% This BibTeX bibliography file was created using BibDesk.
%% https://bibdesk.sourceforge.io/

%% Created for Ben Nagy at 2018-11-07 11:09:32 +1030 


%% Saved with string encoding Unicode (UTF-8) 

@article{knight1931homodyne,
  title={Homodyne in the fourth foot of the {Vergilian} hexameter},
  author={Knight, William Francis Jackson},
  journal={The Classical Quarterly},
  volume={25},
  number={3-4},
  pages={184--194},
  year={1931},
  city={Cambridge},
  publisher={Cambridge: CUP}
}

@book{sidney1965vox,
  title={Vox {Latina}},
  author={Allen, W Sidney},
  year={1965},
  city={Cambridge},
  publisher={Cambridge: CUP}
}

@book{westaway,
  title={Quantity and Accent in {Latin}},
  author={Westaway, F. W.},
  year={1930},
  city={Cambridge},
  publisher={Cambridge: CUP}
}

@incollection{schoell,
	Author = {Schoell, Fredericus},
	Booktitle = {Acta Societatis Philologae Lipsiensis, \textsc{vi}},
	Editor = {Fridericus Ritschelius},
	Pages = {1--231},
	Publisher = {Leipzig: Teubner},
	Title = {De Accentu Linguae {Latinae}},
	Year = {1876}}

@webpage{mqdq-parser,
	Author = {Ben Nagy},
	Title = {mqdq-parser - Utility scripts in {Python} for working with poems from {MQDQ}},
	Url = {https://github.com/bnagy/mqdq-parser},
	Year = {2019},
	Lastchecked = {\today},
	Bdsk-Url-1 = {https://github.com/bnagy/mqdq-parser}}

@webpage{mqdq,
	Lastchecked = {\today},
	Author = {{Musisque Deoque}},
	Title = {{Musisque Deoque} ({MQDQ}) {A} digital archive of {Latin} poetry},
	Url = {http://mizar.unive.it/mqdq/public/},
	Year = {2007},
	Bdsk-Url-1 = {http://mizar.unive.it/mqdq/public/}}

@webpage{lasla,
	Date-Added = {2018-11-06 01:29:07 +0000},
	Date-Modified = {2018-11-06 01:34:44 +0000},
	Lastchecked = {\today},
	Title = {{LASLA}---{T}extes {T}rait{\'e}s},
	Url = {http://web.philo.ulg.ac.be/lasla/textes-latins-traites/},
	Bdsk-Url-1 = {http://web.philo.ulg.ac.be/lasla/textes-latins-traites/}}

@webpage{ovvo,
	Author = {Ben Nagy},
	Date-Added = {2018-11-05 23:26:48 +0000},
	Date-Modified = {2018-11-05 23:48:55 +0000},
	Title = {ovvo - A project to investigate verb order change in {L}atin},
	Url = {https://github.com/bnagy/ovvo},
	Year = {2018},
	Bdsk-Url-1 = {https://github.com/bnagy/ovvo}}

@webpage{collat,
	Author = {Yves Ouvrard and Philippe Verkerk},
	Lastchecked = {\today},
	Title = {Collatinus},
	Url = {https://outils.biblissima.fr/en/collatinus/},
	Year = {2014},
	Bdsk-Url-1 = {https://outils.biblissima.fr/en/collatinus/}}

@book{wright,
series = {Romance linguistics},
publisher = {Routledge},
isbn = {0415056063},
year = {1991},
title = {{Latin and the Romance languages in the early Middle Ages}},
editor = {Roger Wright},
language = {eng},
address = {London},
keywords = {Romance languages -- History; Latin language -- Influence on Romance; Latin language, Medieval and modern -- History},
lccn = {90008308},
}

@article{linde,
 ISSN = {00171298},
 Author = {P. Linde},
 Journal = {Glotta},
 Number = {3/4},
 pages = {153-178},
 publisher = {Vandenhoeck & Ruprecht},
 title = {{Die Stellung des Verbs in der lateinischen Prosa}},
 volume = {12},
 year = {1923}
}

@webpage{CC,
	Author = {Philipp Roelli},
	Date-Added = {2018-11-05 22:57:38 +0000},
	Date-Modified = {2018-11-05 23:03:35 +0000},
	Lastchecked = {\today},
	Title = {Corpus {C}orporum},
	Url = {http://www.mlat.uzh.ch/MLS/index.php?lang=0},
	Year = {2013},
	Bdsk-Url-1 = {http://www.mlat.uzh.ch/MLS/index.php?lang=0}}

@webpage{vocab,
	Author = {Christopher Francese},
	Date-Added = {2018-11-05 22:57:38 +0000},
	Date-Modified = {2018-11-05 23:03:35 +0000},
	Lastchecked = {\today},
	Title = {Latin {C}ore {V}ocabulary},
	Url = {http://dcc.dickinson.edu/latin-vocabulary-list},
	Year = {2014},
	Bdsk-Url-1 = {http://dcc.dickinson.edu/latin-vocabulary-list}}

@incollection{pinkster,
	Author = {Harm Pinkster},
	Booktitle = {{Latin and the Romance Languages in the Early Middle Ages}},
	Date-Added = {2018-11-05 21:33:28 +0000},
	Date-Modified = {2018-11-07 11:09:29 +1030},
	Editor = {Roger Wright},
	Pages = {69-82},
	Publisher = {London: Routledge},
	Title = {{Evidence for SVO in Latin?}},
	Year = {1991}}

@incollection{green,
	Author = {John Green},
	Booktitle = {{Latin and the Romance Languages in the Early Middle Ages}},
	Date-Added = {2018-11-05 21:33:28 +0000},
	Date-Modified = {2018-11-07 11:09:29 +1030},
	Editor = {Roger Wright},
	Pages = {83-99},
	Publisher = {London: Routledge},
	Title = {{The collapse and replacement of verbal inflection in Late Latin/Early Romance: how would one know?}},
	Year = {1991}}

@Manual{r,
	title = {{RStudio: Integrated Development Environment for R}},
	author = {{RStudio Team}},
	organization = {RStudio, Inc.},
	address = {Boston, MA},
	year = {2015},
	url = {http://www.rstudio.com/},
}

@incollection{blake,
	Author = {Robert Blake},
	Booktitle = {{Latin and the Romance Languages in the Early Middle Ages}},
	Date-Added = {2018-11-05 21:33:28 +0000},
	Date-Modified = {2018-11-07 11:09:29 +1030},
	Editor = {Roger Wright},
	Pages = {219-32},
	Publisher = {London: Routledge},
	Title = {{Evidence for SVO in Latin?}},
	Year = {1991}}